<?xml version="1.0" encoding="UTF-8"?><record xmlns="http://www.loc.gov/MARC21/slim" xmlns:cinclude="http://apache.org/cocoon/include/1.0" xmlns:zs="http://www.loc.gov/zing/srw/">
  <leader>00344nz  a2200133n  4500</leader>
  <controlfield tag="001">no2004005525</controlfield>
  <controlfield tag="003">DLC</controlfield>
  <controlfield tag="005">20040122052255.0</controlfield>
  <controlfield tag="008">040121n| acannaab           |n aaa     c</controlfield>
  <datafield tag="010" ind1=" " ind2=" ">
    <subfield code="a">no2004005525</subfield>
  </datafield>
  <datafield tag="035" ind1=" " ind2=" ">
    <subfield code="a">(OCoLC)oca06251839</subfield>
  </datafield>
  <datafield tag="040" ind1=" " ind2=" ">
    <subfield code="a">NjP</subfield>
    <subfield code="b">eng</subfield>
    <subfield code="c">NjP</subfield>
  </datafield>
  <datafield tag="100" ind1="1" ind2=" ">
    <subfield code="a">Maignan, Ge휍혖rard</subfield>
  </datafield>
  <datafield tag="670" ind1=" " ind2=" ">
    <subfield code="a">Autrefois Hossegor, 2001:</subfield>
    <subfield code="b">t.p. (Ge휍혖rard Maignan)</subfield>
  </datafield>
</record>